<?xml version="1.0" encoding="UTF-8"?><collection xmlns="http://www.loc.gov/MARC21/slim"><record><leader>00404nam--2200121-i-4500</leader><controlfield tag="001">000010228</controlfield><controlfield tag="002">20161230</controlfield><controlfield tag="005">20161230201028</controlfield><controlfield tag="008">060222s1000------------r-----000-0-eng-d</controlfield><datafield ind1=" " ind2=" " tag="080"><subfield code="a">66.097</subfield></datafield><datafield ind1=" " ind2=" " tag="245"><subfield code="a">Catalizatori utilizati pentru procelele din in dustria chimica</subfield></datafield><datafield ind1=" " ind2=" " tag="260"><subfield code="a">Bucuresti, Inst.Central De Cercetari Chimice, Centrul De Documentare Al Industriei Chimice S Petrolier, 1972. 97 P</subfield></datafield><datafield ind1=" " ind2=" " tag="852"><subfield code="a">37025</subfield></datafield></record></collection>